@misc{softwareVehicles2025,
  author  = {Finio, M. and Downie, A.},
  title   = {What is a software-defined vehicle?},
  year    = {2025},
  url     = {https://www.ibm.com/think/topics/software-defined-vehicle},
  note    = {Acesso em: 27 ago. 2025}
}

@misc{north2006bdd,
  author  = {North, Dan},
  title   = {Introducing Behavior-Driven Development},
  year    = {2006},
  url     = {https://dannorth.net/introducing-bdd/},
  note    = {Acesso em: 12 jul. 2025}
}

@misc{atlassianAgileTeams,
  author       = {{Atlassian}},
  title        = {Agile Teams},
  year         = {n.d.},
  url          = {https://www.atlassian.com/agile/teams},
  note         = {Acesso em: 12 jul. 2025}
}

@misc{studyBDD,
  author       = {Solis, C. and Wang, X.},
  title        = {A Study of the Characteristics of Behaviour Driven Development},
  year         = {2011},
  journal      = {In 2011 37th EUROMICRO Conference on Software Engineering and Advanced Applications},
  pages        = {383-387},
  note         = {doi: 10.1109/SEAA.2011.76.},
}

@misc{beck2001agile,
  author       = {Beck, Kent and others},
  title        = {Manifesto for Agile Software Development},
  year         = {2001},
  url          = {https://agilemanifesto.org},
  note         = {Acesso em: 12 jul. 2025}
}

@misc{atlassianUserStories,
  author       = {Rehkopf, Max},
  title        = {User Stories},
  year         = {2025},
  url          = {https://www.atlassian.com/agile/project-management/user-stories},
  note         = {Acesso em: 12 jul. 2025}
}

@book{Lawrence2019cucumber,
  author       = {Lawrence, R. and Rayner, P.},
  title        = {Behavior-Driven Development with Cucumber: Better collaboration for better software},
  year         = {2019},
  publisher    = {Addison-Wesley Professional},
  address      = {Boston, MA},
  edition      = {1}
}

@misc{cucumberExampleMapping,
  author       = {Wynne, Matt},
  title        = {Introducing Example Mapping},
  year         = {2015},
  url          = {https://cucumber.io/blog/bdd/example-mapping-introduction/},
  note         = {Acesso em: 12 jul. 2025}
}

@misc{cucumberHistory,
  author       = {{Cucumber.io}},
  title        = {History of BDD},
  url          = {https://cucumber.io/docs/bdd/history/},
  year         = {2024},
  note         = {Acesso em: 12 jul. 2025}
}

@misc{cucumberDocs,
  author       = {{Cucumber.io}},
  title        = {Cucumber Documentation},
  url          = {https://cucumber.io/docs/},
  year         = {2024},
  note         = {Acesso em: 12 jul. 2025}
}

@misc{behaveDocs,
  author       = {{Behave}},
  title        = {Behave Documentation},
  url          = {https://behave.readthedocs.io/en/latest/},
  year         = {2025},
  note         = {Acesso em: 12 jul. 2025}
}

@article{Vincentelli2001,
  author={Sangiovanni-Vincentelli, A. and Martin, G.},
  journal={IEEE Design and Test of Computers},
  title={Platform-based design and software design methodology for embedded systems},
  year={2001},
  volume={18},
  number={6},
  pages={23--33},
  doi={10.1109/54.970421}
}

@misc{mathworksMBD2024,
  author       = {{MathWorks}},
  title        = {Model-Based Design with Simulation},
  year         = {2020},
  url          = {https://www.mathworks.com/content/dam/mathworks/white-paper/gated/model-based-design-with-simulation-white-paper.pdf},
  note         = {Acesso em: 26 ago. 2025}
}

@misc{autosarClassic,
  author       = {AUTOSAR},
  title        = {Classic Platform},
  year         = {n.d.},
  url          = {https://www.autosar.org/standards/classic-platform},
  note         = {Acesso em: 26 ago. 2025}
}

@book{sommerville2019,
  author    = {Sommerville, Ian},
  title     = {Engenharia de Software},
  edition   = {9},
  publisher = {Pearson Prentice Hall},
  address   = {São Paulo},
  year      = {2011},
  note      = {Tradução: Ivan Bosnic e Kalinka Oliveira; Revisão técnica: Kechi Hirama},
  isbn      = {978-85-7936-108-1}
}

@book{bosch2022handbook,
  editor    = {Scientific Advisory Board and Editorship},
  title     = {Automotive Handbook},
  edition   = {9},
  year      = {2014},
  address   = {Warrendale, PA},
  publisher = {SAE},
  isbn10    = {0768081521},
  pages     = {1430-1439}
}}

@misc{vwLocking,
  title        = {Manual de instruções ID.4},
  edition      = {6},
  year         = {2022},
  organization = {Volkswagen},
  note         = {Manual do ID.4, pág. 76},
  url          = {https://www.vw.com.br/idhub/content/dam/onehub_pkw/importers/br/literatura-de-bordo/manual-id4/11A.012.766.AH_-_Manual%20de%20instru%C3%A7%C3%B5es_-_ID.4_.pdf},
  urldate      = {2025-08-27},
}

@book{reif2017locking,
  editor       = {Reif, Konrad},
  title        = {Automotive Mechatronics},
  note         = {p. 490},
  url          = {https://fliphtml5.com/eraqv/csdz/%5BKonrad-Reif-%28eds.%29%5D-Automotive-Mechatronics_-Auto%28z-lib.org%29/293/},
  edition      = {1},
  year         = {2015},
  address   = {Wiesbaden, Germany},
  publisher = {Springer Fachmedien},
  isbn10    = {978-3-658-03975-2},
  pages     = {488-493}
}

@misc{us4566285a,
  title        = {Refrigerator door ajar alarm with variable delay},
  howpublished = {Patente US4566285A},
  year         = {1986},
  note         = {Arquivado em 26 de janeiro de 1984},
  author       = {Andrew T. Tershak and Michael D. Thieneman},
  number       = {US4566285A},
  month        = {Janeiro},
  day          = {28},
  country      = {Estados Unidos},
  assignee     = {Whirlpool Corporation},
  url          = {https://patentimages.storage.googleapis.com/67/fe/2b/219aa6ea4967ca/US4566285.pdf},
  note    = {Acesso em: 27 de ago. 2025}
}
}

@article{glocker2016protocol,
  author={Glocker, Tobias and Mantere, Timo and Elmusrati, Mohammed},
  booktitle={2017 8th International Conference on Information and Communication Systems (ICICS)}, 
  title={A protocol for a secure remote keyless entry system applicable in vehicles using symmetric-key cryptography}, 
  year={2017},
  volume={},
  number={},
  pages={310-315},
  keywords={Automobiles;Transceivers;Authentication;Computers;Cryptography;Jamming},
  doi={10.1109/IACS.2017.7921990}}
}

@misc{arduinoRFID,
  author       = {{Arduino Get Started}},
  title        = {Arduino - RFID/NFC},
  url          = {https://arduinogetstarted.com/tutorials/arduino-rfid-nfc},
  note         = {Acesso em: 17 jul. 2025},
  year         = {n.d.}
}

@misc{autosarKeyManager,
  author       = {{AUTOSAR}},
  title        = {Specification of Key Manager},
  year         = {2024},
  note         = {Versão R24-11. Acesso em: 02 ago. 2025},
  url          = {https://www.autosar.org/fileadmin/standards/R24-11/CP/AUTOSAR_CP_SWS_KeyManager.pdf}
}