@misc{north2006bdd,
  author       = {North, Dan},
  title        = {Introducing Behavior-Driven Development},
  year         = {2006},
  url          = {https://dannorth.net/introducing-bdd/}
}

@misc{atlassianAgileTeams,
  author       = {{Atlassian}},
  title        = {Agile Teams},
  year         = {n.d.},
  url          = {https://www.atlassian.com/agile/teams},
  note         = {Acesso em: 12 jul. 2025}
}

@misc{studyBDD,
  title        = {A Study of the Characteristics of Behaviour Driven Development}
}

@misc{beck2001agile,
  author       = {Beck, Kent and others},
  title        = {Manifesto for Agile Software Development},
  year         = {2001},
  url          = {https://agilemanifesto.org}
}

@misc{atlassianUserStories,
  author       = {{Atlassian}},
  title        = {Escrever user stories},
  url          = {https://www.atlassian.com/agile/project-management/user-stories}
}

@book{gosling2014cucumber,
  author       = {Gosling, A. and Johnson, B.},
  title        = {Behavior-Driven Development with Cucumber: Better collaboration for better software},
  year         = {2014},
  publisher    = {Packt Publishing}
}

@misc{cucumberExampleMapping,
  author       = {{Cucumber.io}},
  title        = {Mapeamento de exemplos},
  year         = {n.d.},
  url          = {https://cucumber.io/blog/bdd/example-mapping-introduction/}
}

@misc{cucumberHistory,
  author       = {{Cucumber.io}},
  title        = {História do Gherkin},
  url          = {https://cucumber.io/docs/bdd/history/}
}

@misc{cucumberDocs,
  author       = {{Cucumber.io}},
  title        = {Documentação Cucumber},
  url          = {https://cucumber.io/docs/}
}

@misc{behaveDocs,
  author       = {{Behave}},
  title        = {Behave Documentation},
  url          = {https://behave.readthedocs.io/en/latest/}
}

@article{sangiovanni2001platform,
  author       = {Sangiovanni-Vincentelli, Alberto and Martin, Grant},
  title        = {Platform-Based Design and Software Design Methodology for Embedded Systems},
  year         = {2001}
}

@misc{mathworks2021mbd,
  author       = {{MathWorks}},
  title        = {Model-Based Design for Embedded Systems},
  year         = {2021}
}

@misc{autosarClassic,
  author       = {{AUTOSAR}},
  title        = {Classic Platform Standards},
  url          = {https://www.autosar.org/standards/classic-platform}
}

@book{sommerville2019,
  author       = {Sommerville, Ian},
  title        = {Engenharia de Software},
  edition      = {10},
  year         = {2019},
  publisher    = {Pearson},
  address      = {São Paulo}
}

@book{bosch2022handbook,
  author       = {{Bosch}},
  title        = {Automotive Handbook},
  edition      = {9},
  year         = {2022}
}

@misc{vwLocking,
  author       = {{Volkswagen}},
  title        = {Funcionamento do sistema de locking – Abrir e fechar},
  note         = {Manual do ID.4, pág. 76},
  url          = {https://www.vw.com.br/idhub/content/dam/onehub_pkw/importers/br/literatura-de-bordo/manual-id4/11A.012.766.AH_-_Manual%20de%20instru%C3%A7%C3%B5es_-_ID.4_.pdf}
}

@misc{reif2017locking,
  editor       = {Reif, Konrad},
  title        = {Automotive Mechatronics: Locking Systems},
  note         = {p. 490},
  url          = {https://fliphtml5.com/eraqv/csdz/%5BKonrad-Reif-%28eds.%29%5D-Automotive-Mechatronics_-Auto%28z-lib.org%29/293/}
}

@patent{us4566285a,
  title        = {Refrigerator door ajar alarm with variable delay},
  number       = {US4566285A},
  year         = {1984},
  note         = {Arquivado em 26 de janeiro de 1984}
}

@article{glocker2016protocol,
  author       = {Glocker, Tobias and Mantere, Timo and Elmusrat, Mohammed},
  title        = {A Protocol for a Secure Remote Keyless Entry System Applicable in Vehicles using Symmetric-Key Cryptography},
  year         = {2016}
}

@misc{arduinoRFID,
  author       = {{Arduino Get Started}},
  title        = {Arduino – RFID/NFC Tutorial},
  url          = {https://arduinogetstarted.com/tutorials/arduino-rfid-nfc},
  note         = {Acesso em: 17 jul. 2025}
}

@misc{autosarKeyManager,
  author       = {{AUTOSAR}},
  title        = {AUTOSAR\_CP\_SWS\_KeyManager – Specification of Key Manager},
  year         = {2024},
  note         = {Versão R24-11. Acesso em: 02 ago. 2025},
  url          = {https://www.autosar.org}
}
